<record>
  <leader>01690nem a2200373 a 4500</leader>
  <controlfield tag="001">991000098259702696</controlfield>
  <controlfield tag="005">20180501160337.0</controlfield>
  <controlfield tag="008">011003s1890    enk    bd b     0   eng d</controlfield>
  <datafield tag="034" ind1="1" ind2=" ">
    <subfield code="b">168960</subfield>
  </datafield>
  <datafield tag="035" ind1=" " ind2=" ">
    <subfield code="a">(IL-JeALB)10460-972ai_inst</subfield>
  </datafield>
  <datafield tag="035" ind1=" " ind2=" ">
    <subfield code="a">(UkOxU)10460</subfield>
    <subfield code="9">ExL</subfield>
  </datafield>
  <datafield tag="035" ind1=" " ind2=" ">
    <subfield code="a">(UkLCURL)r600p1650869</subfield>
  </datafield>
  <datafield tag="035" ind1=" " ind2=" ">
    <subfield code="a">UkOxUb15727437</subfield>
  </datafield>
  <datafield tag="040" ind1=" " ind2=" ">
    <subfield code="d">BLCMP:MU(50)W</subfield>
    <subfield code="d">OCL</subfield>
    <subfield code="d">IL-JeALB</subfield>
  </datafield>
  <datafield tag="043" ind1=" " ind2=" ">
    <subfield code="a">a-is---</subfield>
  </datafield>
  <datafield tag="050" ind1=" " ind2="4">
    <subfield code="a">G7500 1890 .A6</subfield>
  </datafield>
  <datafield tag="100" ind1="1" ind2=" ">
    <subfield code="a">Armstrong, George</subfield>
  </datafield>
  <datafield tag="245" ind1="1" ind2="0">
    <subfield code="a">Palestine :</subfield>
    <subfield code="b">from the surveys conducted for the committee of the Palestine Exploration Fund and other sources /</subfield>
    <subfield code="c">compiled by George Armstrong and revised by Colonel Charles W. Wilson ... and Major C. R. Conder.</subfield>
  </datafield>
  <datafield tag="246" ind1="3" ind2="3">
    <subfield code="a">Map of Palestine</subfield>
  </datafield>
  <datafield tag="255" ind1=" " ind2=" ">
    <subfield code="a">Scale 3/8 inch = 1 mile, or 1:168,960</subfield>
  </datafield>
  <datafield tag="260" ind1=" " ind2=" ">
    <subfield code="a">London :</subfield>
    <subfield code="b">Stanfords Geographical Establishment,</subfield>
    <subfield code="c">1890.</subfield>
  </datafield>
  <datafield tag="300" ind1=" " ind2=" ">
    <subfield code="a">1 map on 2 sheets, canvas-backed, folded into case-binder :</subfield>
    <subfield code="b">col. ;</subfield>
    <subfield code="c">196 x 126 cm.</subfield>
  </datafield>
  <datafield tag="500" ind1=" " ind2=" ">
    <subfield code="a">'Engraved &amp; printed for the Committee of the Palestine Exploration Fund at Stanford's Geographical Establishment.'</subfield>
  </datafield>
  <datafield tag="506" ind1=" " ind2=" ">
    <subfield code="a">Will require conservation work before use.</subfield>
  </datafield>
  <datafield tag="651" ind1=" " ind2="0">
    <subfield code="a">Asia</subfield>
    <subfield code="z">Middle East</subfield>
    <subfield code="z">Palestine</subfield>
    <subfield code="v">Maps.</subfield>
  </datafield>
  <datafield tag="700" ind1="1" ind2=" ">
    <subfield code="a">Wilson, Charles William,</subfield>
    <subfield code="c">Sir,</subfield>
    <subfield code="d">1836-1905.</subfield>
  </datafield>
  <datafield tag="700" ind1="1" ind2=" ">
    <subfield code="a">Conder, C R</subfield>
    <subfield code="q">(Claude Reignier),</subfield>
    <subfield code="d">1848-1910</subfield>
  </datafield>
  <datafield tag="710" ind1="2" ind2=" ">
    <subfield code="a">Palestine Exploration Fund.</subfield>
  </datafield>
  <datafield tag="856" ind1="4" ind2="1">
    <subfield code="z">The 1890 edition is available in an electronic version on the website of the National Library of Australia:</subfield>
    <subfield code="u">http://nla.gov.au/nla.map-rm1940</subfield>
  </datafield>
  <datafield tag="852" ind1="0" ind2=" ">
    <subfield code="8">229089420002696</subfield>
    <subfield code="b">ALBRIGHTLIBRARYMAIN</subfield>
    <subfield code="c">maps</subfield>
    <subfield code="h">G7503.A7 1890</subfield>
  </datafield>
  <datafield tag="941" ind1=" " ind2=" ">
    <subfield code="c">Gift;</subfield>
    <subfield code="a">Benj. W. Bacon</subfield>
  </datafield>
  <datafield tag="949" ind1=" " ind2=" ">
    <subfield code="a">G7503.A7 1890</subfield>
    <subfield code="n">Folded maps drawer</subfield>
  </datafield>
  <datafield tag="950" ind1=" " ind2=" ">
    <subfield code="a">Local import; Oxford U &amp; National Library (NNL)</subfield>
  </datafield>
  <datafield tag="951" ind1=" " ind2=" ">
    <subfield code="a">21210</subfield>
  </datafield>
  <datafield tag="999" ind1=" " ind2=" ">
    <subfield code="a">MAP</subfield>
  </datafield>
</record>
